<record><leader>00000cas a22000007a 4500</leader><controlfield tag="001">12925059</controlfield><controlfield tag="008">851217d18971901iauwr ne      0    0eng d</controlfield><datafield ind1=" " ind2=" " tag="010"><subfield code="a">sn 85049873 </subfield></datafield><datafield ind1=" " ind2=" " tag="040"><subfield code="a">INP</subfield><subfield code="b">eng</subfield><subfield code="c">INP</subfield><subfield code="d">OCLCQ</subfield></datafield><datafield ind1=" " ind2=" " tag="042"><subfield code="a">msc</subfield></datafield><datafield ind1="0" ind2=" " tag="130"><subfield code="a">Mapleton press (Mapleton, Iowa : 1897)</subfield></datafield><datafield ind1="1" ind2="4" tag="245"><subfield code="a">The Mapleton press.</subfield></datafield><datafield ind1=" " ind2=" " tag="260"><subfield code="a">Mapleton, Monona County, Iowa :</subfield><subfield code="b">H.V. Chapin,</subfield><subfield code="c">1897-1901.</subfield></datafield><datafield ind1=" " ind2=" " tag="300"><subfield code="a">5 v. :</subfield><subfield code="b">ill. (chiefly advertisements)</subfield></datafield><datafield ind1=" " ind2=" " tag="310"><subfield code="a">Weekly</subfield></datafield><datafield ind1="0" ind2=" " tag="362"><subfield code="a">Vol. 27, no. 11 (Mar. 19, 1897)-v. 31, no. 52 (Dec. 27, 1901).</subfield></datafield><datafield ind1=" " ind2=" " tag="500"><subfield code="a">Editor: H.V. Chapin.</subfield></datafield><datafield ind1=" " ind2=" " tag="752"><subfield code="a">United States</subfield><subfield code="b">Iowa</subfield><subfield code="c">Monona</subfield><subfield code="d">Mapleton.</subfield></datafield><datafield ind1="0" ind2="0" tag="780"><subfield code="t">Press (Mapleton, Iowa)</subfield><subfield code="w">(DLC)sn 85049872</subfield></datafield><datafield ind1="0" ind2="7" tag="785"><subfield code="t">Advocate (Mapleton, Iowa)</subfield></datafield><datafield ind1="0" ind2="7" tag="785"><subfield code="t">Mapleton press-advocate</subfield><subfield code="w">(DLC)sn 85099961</subfield></datafield><datafield ind1="1" ind2=" " tag="029"><subfield code="a">AU@</subfield><subfield code="b">000025786050</subfield></datafield></record>